
@article{pecresse_article_2022,
	title = {Un article pas ouf},
	volume = {13},
	doi = {10.1664/cheh},
	language = {fr},
	number = {12},
	journal = {Le Monde},
	author = {Pécresse, Valérie and Jadot, Yannick and Hidalgo, Anne},
	month = apr,
	year = {2022},
	pages = {69},
}

@article{hetherington_two-_1975,
	title = {Two-, {Three}-, and {Four}-{Atom} {Exchange} {Effects} in bcc {He} 3},
	volume = {35},
	issn = {0031-9007},
	url = {https://link.aps.org/doi/10.1103/PhysRevLett.35.1442},
	doi = {10.1103/PhysRevLett.35.1442},
	language = {en},
	number = {21},
	urldate = {2022-04-12},
	journal = {Physical Review Letters},
	author = {Hetherington, J. H. and Willard, F. D. C.},
	month = nov,
	year = {1975},
	mynote = {Article co écrit par un chat (si)},
	pages = {1442--1444},
	file = {Hetherington and Willard - 1975 - Two-, Three-, and Four-Atom Exchange Effects in bc.pdf:/home/josquin.guerber/Zotero/storage/N7L2K8IN/Hetherington and Willard - 1975 - Two-, Three-, and Four-Atom Exchange Effects in bc.pdf:application/pdf},
	options = {extsym={*}}
}


@article{maestre_plant_2012,
	title = {Plant {Species} {Richness} and {Ecosystem} {Multifunctionality} in {Global} {Drylands}},
	volume = {335},
	issn = {0036-8075, 1095-9203},
	url = {https://www.science.org/doi/10.1126/science.1215442},
	doi = {10.1126/science.1215442},
	language = {en},
	number = {6065},
	urldate = {2022-01-05},
	journal = {Science},
	author = {Maestre, Fernando T. and Quero, José L. and Gotelli, Nicholas J. and Escudero, Adrián and Ochoa, Victoria and Delgado-Baquerizo, Manuel and García-Gómez, Miguel and Bowker, Matthew A. and Soliveres, Santiago and Escolar, Cristina and García-Palacios, Pablo and Berdugo, Miguel and Valencia, Enrique and Gozalo, Beatriz and Gallardo, Antonio and Aguilera, Lorgio and Arredondo, Tulio and Blones, Julio and Boeken, Bertrand and Bran, Donaldo and Conceição, Abel A. and Cabrera, Omar and Chaieb, Mohamed and Derak, Mchich and Eldridge, David J. and Espinosa, Carlos I. and Florentino, Adriana and Gaitán, Juan and Gatica, M. Gabriel and Ghiloufi, Wahida and Gómez-González, Susana and Gutiérrez, Julio R. and Hernández, Rosa M. and Huang, Xuewen and Huber-Sannwald, Elisabeth and Jankju, Mohammad and Miriti, Maria and Monerris, Jorge and Mau, Rebecca L. and Morici, Ernesto and Naseri, Kamal and Ospina, Abelardo and Polo, Vicente and Prina, Aníbal and Pucheta, Eduardo and Ramírez-Collantes, David A. and Romão, Roberto and Tighe, Matthew and Torres-Díaz, Cristian and Val, James and Veiga, José P. and Wang, Deli and Zaady, Eli},
	month = jan,
	year = {2012},
	keywords = {notes},
	pages = {214--218},
	file = {Maestre12Science_SOM.pdf:/home/josquin.guerber/Zotero/storage/CEJG8SVG/Maestre12Science_SOM.pdf:application/pdf;Maestre et al. - 2012 - Plant Species Richness and Ecosystem Multifunction.pdf:/home/josquin.guerber/Zotero/storage/L35TLYWI/Maestre et al. - 2012 - Plant Species Richness and Ecosystem Multifunction.pdf:application/pdf},
	number_minus_one = {456},
}